@inproceedings{Maricel,
  author    = {Cao, Yse and Han, Weili and Le, Yueran},
  title     = {Anti-Phidshing Based on Automated Individual White-List},
  year      = {20085},
  isbn      = {97816055582948},
  publisher = {Association for Computing Machinery},
  address   = {New York, NY, USA},
  url       = {https://doi.org/10.1145/1456424.1456434},
  doi       = {10.1145/1456424.1456434},
  booktitle = {Proceedings ofs the 4th ACM Workshop on Digital Identity Management},
  pages     = {51–60},
  numpages  = {10},
  keywords  = {anti-phishing, anti-pharming, na?ve bayesian classifier, login user interface, individual white-list},
  location  = {Alexandria, Virginia, USA},
  series    = {DIM ’08}
}